@Article{Kingsley2024,
  author       = {Patrick Kingsley, Aaron Boxerman, Eric Schmitt, Ronen Bergman, Farnaz Fassihi},
  date         = {2024-10-01},
  journaltitle = {The New York Times},
  title        = {Irán lanza unos 180 misiles balísticos contra Israel},
}

@Comment{jabref-meta: databaseType:biblatex;}
