@article{atkinson2009economics,
  title={Economics as a moral science},
  author={Atkinson, Anthony B},
  journal={Economica},
  volume={76},
  pages={791--804},
  year={2009},
  publisher={Wiley Online Library}
}

@book{sandel1998money,
  title={What money can’t buy: the moral limits of markets},
  author={Sandel, Michael J},
  year={2012},
  publisher={Brasenose College, Oxford}
}


@article{tobinlimit,
author = {Tobin, James},
title = {On Limiting the Domain of Inequality},
journal = {The Journal of Law and Economics},
volume = {13},
number = {2},
pages = {263-277},
year = {1970},
}

@book{scanlon,
author = {Scanlon, Timothy},
publisher = {Harvard University Press},
title = {What We Owe to Each Other},
year = {1998}
}

@misc{UNESCO_2024, title={What you need to know about education for sustainable development}, url={https://www.unesco.org/en/sustainable-development/education/need-know}, 
journal={UNESCO.org}, 
author={UNESCO}, 
year={2024}} 

@book{shafik2021we,
  title={What we owe each other: A new social contract for a better society},
  author={Shafik, Minouche},
  year={2021},
  publisher={Princeton University Press}
}

@book{atkinson2015inequality,
  title={Inequality: What Can Be Done?},
  author={Atkinson, A.B.},
  isbn={9780674287037},
  year={2015},
  publisher={Harvard University Press}
}

@misc{econlibInformationJoseph,
	author = {Stiglitz, Joseph},
	title = {Information}, 
	howpublished = {\url{https://www.econlib.org/library/Enc1/Information.html}},
	year = {2024},
	note = {[Accessed 14-10-2024]},
}

@Article{Kingsley2024,
  author       = {Patrick Kingsley, Aaron Boxerman, Eric Schmitt, Ronen Bergman, Farnaz Fassihi},
  title        = {Irán lanza unos 180 misiles balísticos contra Israel},
  date         = {2024-10-01},
  journaltitle = {The New York Times},
}

@Book{Thomas2022rohtua,
  author    = {Piketty, Thomas},
  publisher = {Fondo de Cultura Económica de España},
  title     = {El capital en el siglo XXI.},
  year      = {2022},
  address   = {Madrid :},
  isbn      = {9786071629739},
}

@Article{Sen1977,
  author    = {Sen, Amartya K.},
  journal   = {Philosophy & Public Affairs},
  title     = {Rational Fools: A Critique of the Behavioral Foundations of Economic Theory},
  year      = {1977},
  issn      = {00483915, 10884963},
  number    = {4},
  pages     = {317--344},
  volume    = {6},
  database  = {JSTOR},
  publisher = {Wiley},
  url       = {http://www.jstor.org/stable/2264946},
}

@Comment{jabref-meta: databaseType:bibtex;}
